<?xml version="1.0" encoding="UTF-8"?><collection xmlns="http://www.loc.gov/MARC21/slim"><record><leader>00508nam--2200169-i-4500</leader><controlfield tag="001">000043974</controlfield><controlfield tag="002">20161230</controlfield><controlfield tag="005">20161230201044</controlfield><controlfield tag="008">060222s1000------------r-----000-0-eng-d</controlfield><datafield ind1="1" ind2=" " tag="100"><subfield code="a">Alberti, Peter M. ; Uhlmann, Armin</subfield></datafield><datafield ind1=" " ind2=" " tag="245"><subfield code="a">Dissipative motion in state spaces</subfield></datafield><datafield ind1=" " ind2=" " tag="260"><subfield code="a">Leipzig, Teubner Verlagsgellschaft, 1980</subfield></datafield><datafield ind1=" " ind2=" " tag="300"><subfield code="a">121 P</subfield></datafield><datafield ind1=" " ind2=" " tag="490"><subfield code="a">Teubner-texte Zur Mathematik</subfield><subfield code="v">Band 33</subfield></datafield><datafield ind1=" " ind2=" " tag="700"><subfield code="a">Alberti,Peterm.Anduhlmann,Armin</subfield></datafield><datafield ind1=" " ind2=" " tag="852"><subfield code="a">70287</subfield><subfield code="c">512.94:512.972</subfield></datafield><datafield ind1=" " ind2=" " tag="CAT"><subfield code="a">Sys</subfield><subfield code="c">20080526</subfield><subfield code="h">122004</subfield></datafield></record></collection>